@BOOK{poly,
	title = {Introduction à la physique statistique numérique},
	publisher={Cours de M2},
	author = {Gabriel \bsc{Stoltz}},
	year = {2015},
}
